@book{porta2014,
	title = {A dictionary of epidemiology.},
	isbn = {978-0-19-939004-5},
	publisher = {Oxford University Press},
	author = {Porta, Miquel},
	month = jul,
	year = {2014},
}


